101 091017329 0910173291411280000A094101         Signature BankVBS Blue Chip Financial       0
5200VBS Blue Chip Fitest discretionary d   1234567PPD8187777777141128130326   1910173290000001
6271031001953423423253234    0000001600FD00AFA8A0F7   marge baker             1910173290000001
705wellsville|KS|66092|101 2nd st|                                                 00010000001
632124003116192312313        0000002050665E0601D848   James Good man          1910173290000002
705Boiling Springs|PA|17007|10 Maple Dr APT 123|                                   00010000002
82000000040022710330000000001600000000002050   1234567                         910173290000001
9000001000008000000040022710330000000001600000000002050                                       
